<collection xmlns="http://www.loc.gov/MARC21/slim">
<record>
  <leader>00954nam0a22002291i 450 </leader>
  <controlfield tag="001">IT\ICCU\CNCE\050481</controlfield>
  <controlfield tag="005">20000121000000.0</controlfield>
  <datafield tag="012" ind1=" " ind2=" ">
    <subfield code="a">r-ia u-r- afum tati (C) 1558 (R)</subfield>
    <subfield code="2">fei</subfield>
  </datafield>
  <datafield tag="100" ind1=" " ind2=" ">
    <subfield code="a">20000121d1558        0itac0103    ba</subfield>
  </datafield>
  <datafield tag="101" ind1=" " ind2=" ">
    <subfield code="a">LAT</subfield>
  </datafield>
  <datafield tag="102" ind1=" " ind2=" ">
    <subfield code="a">IT</subfield>
  </datafield>
  <datafield tag="200" ind1="1" ind2=" ">
    <subfield code="a">Aphorismorum qui in prima sectione habentur continuatio, argumentum et brevis quaedam enarratio ex quotidianis Leonis Rogani lectionibus ad studiosos auditores</subfield>
  </datafield>
  <datafield tag="210" ind1=" " ind2=" ">
    <subfield code="a">Neapoli</subfield>
    <subfield code="c">excudebat Raymundus Amatus</subfield>
    <subfield code="d">1558</subfield>
  </datafield>
  <datafield tag="215" ind1=" " ind2=" ">
    <subfield code="a">\16! c.</subfield>
    <subfield code="d">4ʻ</subfield>
  </datafield>
  <datafield tag="620" ind1=" " ind2=" ">
    <subfield code="a">IT</subfield>
    <subfield code="d">Napoli</subfield>
  </datafield>
  <datafield tag="700" ind1=" " ind2="1">
    <subfield code="a">Rogano,</subfield>
    <subfield code="b">Leone</subfield>
    <subfield code="3">IT\ICCU\CNCA\007889</subfield>
  </datafield>
  <datafield tag="712" ind1="0" ind2="0">
    <subfield code="a">Amato, Raimondo</subfield>
    <subfield code="3">IT\ICCU\CNCT\000523</subfield>
    <subfield code="4">650</subfield>
  </datafield>
  <datafield tag="790" ind1=" " ind2="1">
    <subfield code="a">Roganus,</subfield>
    <subfield code="b">Leo</subfield>
    <subfield code="3">IT\ICCU\CNCA\018170</subfield>
    <subfield code="z">Rogano, Leone</subfield>
  </datafield>
  <datafield tag="791" ind1="0" ind2="0">
    <subfield code="a">Amatus, Raymundus</subfield>
    <subfield code="3">IT\ICCU\CNCT\004240</subfield>
    <subfield code="z">Amato, Raimondo</subfield>
  </datafield>
  <datafield tag="801" ind1=" " ind2="3">
    <subfield code="a">IT</subfield>
    <subfield code="b">ICCU</subfield>
    <subfield code="c">20201115</subfield>
  </datafield>
  <datafield tag="899" ind1=" " ind2=" ">
    <subfield code="a">Biblioteca universitaria. Bologna</subfield>
    <subfield code="1">BO0098</subfield>
    <subfield code="2">UBO BU</subfield>
  </datafield>
  <datafield tag="899" ind1=" " ind2=" ">
    <subfield code="a">Biblioteca nazionale Vittorio Emanuele III. Napoli</subfield>
    <subfield code="1">NA0079</subfield>
    <subfield code="2">NAP BN</subfield>
  </datafield>
</record>
</collection>
